

@inproceedings{KSano:heart2015-e,
  author = {Kentaro Sano and  Fumiya Kono and  Naohito Nakasato and  Alexander Vazhenin and Stanislav Sedukhin},
  title = {Stream Computation of Shallow Water Equation Solver for {FPGA}-based {1D} Tsunami Simulation},
  booktitle = {Highly-Efficient Accelerators and Reconfigurable Technologies},
  month = jun,
  year = 2015
}

@inproceedings{KSano:FSP2014-e,
  author = {Kentaro Sano and Hayato Suzuki and Ryo Ito and Tomohiro Ueno and Satoru Yamamoto},
  title = {Stream Processor Generator for {HPC} to Embedded Applications on {FPGA}-based System Platform},
  booktitle = {International Workshop on FPGAs for Software Programmers},
  year = 2014,
  pages = {43-48},
  month = sep
}

@inproceedings{tavakkoli-14-systolic-binary-trees,
  title = {Low-latency option pricing using systolic binomial trees},
  author = {Aryan Tavakkoli and David B. Thomas},
  year = {2014},
  booktitle = {Field-Programmable Technologies}
}

@inproceedings{Tarango:2013:ISE:2555692.2555710,
 author = {Tarango, Joseph and Keogh, Eamonn and Brisk, Philip},
 title = {Instruction Set Extensions for Dynamic Time Warping},
 booktitle = {Proceedings of the Ninth IEEE/ACM/IFIP International Conference on Hardware/Software Codesign and System Synthesis},
 year = 2013,
 isbn = {978-1-4799-1417-3},
 numpages = {10},
 url = {http://dl.acm.org/citation.cfm?id=2555692.2555710},
 publisher = {IEEE},
} 



@InProceedings{Tarango2014,
  author = {Tarango, Joseph and Keogh, Eamonn and Brisk, Philip},
	title = 			 {Accelerating the Dynamic Time Warping Distance Measure using Logarithmic Arithmetic},
	booktitle = {48th Asilomar Conference on Signals, Systems and Computers},
	year = 		 2014,
	month = 		 nov}

@inproceedings{thomas-13-stochastic-chemical-simulation,
  title = {A Fully Pipelined {FPGA} Architecture for Stochastic Simulation of Chemical Systems},
  author = {Thomas, David B.  and Hideharu Amano},
  booktitle = {Field-Programmable Logic and Applications},
  year = 2013
}

@article{KSano:HEART2013-e,
  author = {Kentaro Sano and Yoshiaki Kono and Hayato Suzuki and Ryotaro Chiba and Ryo Ito and Kyo Koizumi and Satoru Yamamoto},
  title = {Efficient Custom Computing of Fully-Streamed Lattice {B}oltzmann Method on Tightly-Coupled {FPGA} Cluster},
  journal = {{ACM} {SIGARCH} Computer Architecture News},
  volume = {41},
  number = {5},
  year = {2013},
  pages = {47--52}
}

@inproceedings{kapre2013exploiting,
  title={Exploiting input parameter uncertainty for reducing datapath precision of spice device models},
  author={Kapre, Nachiket},
  booktitle={Field-Programmable Custom Computing Machines},
  pages={189--197},
  year=2013,
  organization={IEEE}
}

@inproceedings{martorell2012fx,
  title={{FX-SCORE}: a framework for fixed-point compilation of {SPICE} device models using Gappa++},
  author={Martorell, H{\'e}lene and Kapre, Nachiket},
  booktitle={Field-Programmable Custom Computing Machines},
  pages={77--84},
  year=2012,
  organization={IEEE}
}


@inproceedings{YKono:FPL2012-e,
  author = {Yoshiaki Kono and Kentaro Sano and Satoru Yamamoto},
  title = {Scalability Analysis of Tightly-Coupled {FPGA}-Cluster for Lattice {B}oltzmann Computation},
  year = 2012,
  month = aug,
  booktitle = {Field-Programmable Logic and Applications  (FPL2012)}
}

@InProceedings{AliasPascaPlesco2011,
	author = 			 {Christophe Alias and Bogdan Pasca and Alexandru Plesco},
	title = 			 {Automatic Generation of FPGA-Specific Pipelined Accelerators},
	booktitle = {Applied Reconfigurable Computing},
	year = 		 2011,
	month = 		 mar}


@inproceedings{dedinechin:2011:ensl-00640063:1,
  author = {de Dinechin, Florent and Muller, Jean-Michel and Pasca, Bogdan and Plesco, Alexandru},
  title = {{An FPGA architecture for solving the Table Maker's Dilemma}},
  booktitle = {Application-Specific Systems, Architectures and Processors (ASAP)},
  year = {2011},
  doi = {10.1109/ASAP.2011.6043267},
  publisher = {IEEE},
  pages = {187-194},
  note = {Best paper award},
  address = {Santa Monica, United States},
  nourl = {http://hal.inria.fr/ensl-00640063/en},
  pdf = {http://perso.citi-lab.fr/fdedinec/recherche/publis/2011-ASAP-TMD-FPGA.pdf}
}

@article{ArnoldCollange2011,
  author = {Mark G. Arnold and Sylvain Collange},
  title = {A Real/Complex Logarithmic Number System {ALU}},
  journal = {{IEEE} Transactions on Computers},
  year = 2011,
  volume = 60,
  number = 2,
  pages = {2012-213}
}

@inproceedings{DinechinTakeugmingTanguy2010,
  author = {de Dinechin, Florent and Takeugming, Honor√© and Tanguy, Jean-Marc},
  title = {A 128-Tap Complex {FIR} Filter Processing 20 Giga-Samples/s in a Single {FPGA}},
  booktitle = {44th Asilomar Conference on Signals, Systems \& Computers},
  year = 2010,
  url-hal = {http://hal.inria.fr/ensl-00542950/en},
  pdf = {http://perso.citi-lab.fr/fdedinec/recherche/publis/2010-Asilomar-FIR.pdf}
}

@inproceedings{ArnoldCollange2009,
  author = {Mark G. Arnold and Sylvain Collange},
  title = {A Dual-Purpose Real/Complex Logarithmic Number System {ALU}},
  booktitle = {19th Symposium on Computer Arithmetic},
  year = 2009,
  publisher = {IEEE},
  pdf = {www.irisa.fr/alf/downloads/collange/papers/ArCo_Arith19.pdf}
}

@inproceedings{thomas-08-sample-mean-and-variance,
  title = {Estimation of Sample Mean and Variance for {M}onte-{C}arlo Simulations},
  author = {David B. Thomas and Wayne Luk},
  year = {2008},
  pages = {89--96},
  booktitle = {Field-Programmable Technologies},
  pdf = {http://cas.ee.ic.ac.uk/people/dt10/research/thomas-08-sample-mean-and-variance.pdf}
}

@article{CretDin2008:ROMJIST,
  author = {Octavian Cre\c{t}  
            and  Ionu\c{t} Trestian  and Radu Tudoran 
            and Laura Darabant  and Lucia V\v{a}cariu
            and de Dinechin, Florent},
  title = {Accelerating The Computation of The Physical
Parameters Involved in Transcranial Magnetic Stimulation Using {FPGA}
Devices.},
  journal = {Romanian Journal of Information, Science and Technology},
  year = 2008,
  volume = 10,
  number = 4,
  pages = {361-379}
}

@inproceedings{CretDin2008:BioDevices,
  author = {Ionu\c{t} Trestian and  Octavian Cre\c{t}  
            and  Laura Cre\c{t}  and Lucia V\v{a}cariu and Radu Tudoran 
            and de Dinechin, Florent},
  title = {{FPGA}-based Computation of the Inductance of Coils Used for the Magnetic Stimulation of the Nervous System},
  booktitle = {Biomedical Electronics and Devices},
  volume = 1,
  pages = {151-155},
  mon = jan,
  pdf = {http://perso.citi-lab.fr/fdedinec/recherche/publis/2008-BioDevices.pdf},
  year = 2008
}

@article{DetDin2007:JVLSISP,
  author = {J\'er\'emie Detrey and  de Dinechin, Florent},
  title = {A tool for unbiased comparison between logarithmic and
  floating-point arithmetic},
  journal = {Journal of {VLSI} Signal Processing},
  publisher = {Springer},
  volume = 49,
  number = 1,
  pages = {161--175},
  doi = {10.1007/s11265-007-0048-7},
  pdf = {http://perso.citi-lab.fr/fdedinec/recherche/publis/2007-JVLSISP.pdf},
  year = 2007
}

@inproceedings{ColDetDin2006:dsd,
  author = {Sylvain Collange and J\'er\'emie Detrey and  de Dinechin, Florent},
  title = {Floating point or {LNS}: choosing the right arithmetic on an application basis},
  booktitle = {9th Euromicro Conference on Digital System Design: Architectures, Methods and Tools ({DSD}'2006)},
  pages = {197--203},
  address = {Dubrovnik, Croatia},
  publisher = {IEEE},
  nomonth = aug,
  year = 2006,
  doi = {10.1109/DSD.2006.54},
  pdf = {http://perso.citi-lab.fr/fdedinec/recherche/publis/2006-DSD.pdf}
}

@article{DetDin2005:TSI,
  author = {Detrey, J\'er\'emie and de~Dinechin, Florent},
  title = {Outils pour une comparaison sans a priori entre
                  arithm\'etique logarithmique et arithm\'etique
                  flottante},
  journal = {Technique et science informatiques},
  year = 2005,
  volume = 24,
  number = 6,
  pages = {625--643}
}

