@InProceedings{sif,
  author = 	 {T.Hilaire, P.Chevel and J.F.Whidbornz},
  title = 	 {A Unifying Framework for Finite Wordlength Realizations},
  booktitle =    {IEEE},
  year = 	 {2007}
}

@InProceedings{sums,
  author = 	 {Florent de Dinechin, Matei Istoan, Abdelbassat Massouri},
  title = 	 {Sum-of-Product Architectures Computing Just Right},
  booktitle =    {IEEE},
  year = 	 {2007}
}

@InProceedings{hilaire,
  author = 	 {Thibaut Hilaire},
  title = 	 {Analyse et synthèse de l'implémentation de lois de contrôle-commande en précision finie},
  booktitle =    {phd},
  year = 	 {2006}
}

@InProceedings{lopez,
  author = 	 {Benoit Lopez},
  title = 	 {Implémentation optimale de filtre linéaire en arithmétique virgule fixe},
  booktitle =    {phd},
  year = 	 {2014}
}

@InProceedings{loopshaping,
  author = 	 {I.Njabeleke, R.Pannett, P.Chawdhry and C.Burrows},
  title = 	 {Design of h-infiny loop-shaping controllers for fluid power systems},
  booktitle =    {IEEE Colloquium Robust Control - Theory, Software and Applications},
  year = 	 {1997}
}

@InProceedings{stability,
  author = 	 {J.F.Whidborne and R.H.Istepanian},
  title = 	 {Reduction of controller fragility by pole sensivity minimization},
  booktitle =    {Int. J.Control},
  year = 	 {2000}
}

@InProceedings{constructing,
  author = 	 {J.Wu, S.Chen, G.Li and J.Chu},
  title = 	 {Constructing sparse realizations of finite precision digital controllers based on a closed-loop stability related measure},
  booktitle =    {IEEE Proc. Control Theory and Applications},
  year = 	 {2003}
}
